@online{Bootcamp,
  author = {Krystian Czekalski},
  title  = {Bootcamp programistyczny 2020 (PL): Web dev Full stack},
  url    = {https://www.udemy.com/course/bootcamp-programistyczny/},
  note   = {Course studied during 2022}
}

@online{CodingTrain,
  author = {The Coding Train},
  title  = {Tutorials introducing p5.js},
  url    = {https://www.youtube.com/c/TheCodingTrain}
}

@online{ProgrammingwithMosh,
  author = {Programming with Mosh},
  title  = {MySQL Tutorial for Beginners [Full Course]},
  url    = {https://www.youtube.com/watch?v=7S_tz1z_5bA&ab_channel=ProgrammingwithMosh}
}

@online{Phpcourse,
  author = {Michael Dane},
  title  = {PHP Programming Language Tutorial - Full Course},
  url    = {https://www.youtube.com/watch?v=OK_JCtrrv-c&ab_channel=freeCodeCamp.org}
}

@online{CyberpunkCSS,
  author = {Web Dev Michael},
  title  = {Cyberpunk 2077 Inspired Menu in CSS only!},
  url    = {https://www.youtube.com/watch?v=Wmb-V87tmqI&ab_channel=WebDevMichael}
}

@online{GlitchCSS,
  author = {Kevin Powell},
  title  = {Animated glitch text effect with CSS only},
  url    = {https://www.youtube.com/watch?v=7Xyg8Ja7dyY&ab_channel=KevinPowell}
}

@online{Facade009,
  author = {ambientCG},
  title  = {Facade 009 - part of background design},
  url    = {https://ambientcg.com/view?id=Facade009}
}

@online{Kitbash,
  author = {KITBASH3D},
  title  = {Assets used in project},
  url    = {https://kitbash3d.com/products/mini-kit-neo-city}
}

@online{Glitch,
  author = {freesound},
  title  = {Music used in project},
  url    = {https://freesound.org/}
}

@online{Midjourney,
  author = {Midjourney},
  title  = {Assets used in project},
  url    = {https://midjourney.com/}
}